@inproceedings{RAGFirstPaper,
  author    = "Aleksandra Piktus, Vladimir Karpukhin, Naman Goyal, Heinrich Küttler, Mike Lewis, Wen-tau Yih, Tim Rocktäschel, Douwe Kiela",
  title     = "Retrieval-Augmented Generation for Knowledge-Intensive NLP Tasks",
  booktitle = "34th Conference on Neural Information Processing Systems (NeurIPS 2020)",
  year      = 2020,
  publisher = "Facebook AI Research",
}

@misc{ibmragarticle23,
  title        = "What is retrieval-augmented generation?",
  author       = "Kim Martineau",
  howpublished = "\url{https://research.ibm.com/blog/retrieval-augmented-generation-RAG}",
  year         = 2023,
  note         = "Vue: 2023-10-27"
}

@misc{heikohotz23,
  title        = "RAG vs Finetuning — Which Is the Best Tool to Boost Your LLM Application?",
  author       = "Heiko Hotz",
  howpublished = "\url{https://towardsdatascience.com/rag-vs-finetuning-which-is-the-best-tool-to-boost-your-llm-application-94654b1eaba7}",
  year         = 2023,
  note         = "Vue: 2023-10-27"
}

@misc{Gopalakrishnan23,
  title        = "Elasticsearch: What it is, How it works, and what it’s used for",
  author       = "Jay Gopalakrishnan",
  howpublished = "\url{https://www.knowi.com/blog/what-is-elastic-search/}",
  year         = 2023,
  note         = "Vue: 2023-10-27"
}

@misc{DevopsIdeas22,
  title        = "Different Elasticsearch components and what they mean",
  author       = "DevopsIdeas ",
  howpublished = "\url{https://devopsideas.com/different-elasticsearch-components-and-what-they-mean-in-5-mins/}",
  year         = 2022,
  note         = "Vue: 2023-10-27"
}